@article{Kenneth,
title = "The Growth of Bacterial Populations",
journal = "Todar's Online Textbook of Bacteriology",
chapter = "Bacterial Growth",
page = "3",
doi = "retrieved from http://textbookofbacteriology.net/index.html",
url = "http://textbookofbacteriology.net/growth_3.html",
author = "Kenneth Todar",
}