@misc{id2090,
	title={Repository for ID2090 course},
	howpublished={\url{https://github.com/gphanikumar/mm2090}},
	note = {Accessed: 2022-06-13}
}

@article{cvpsu,
	title={The Energy Equation for Control Volumes},
	howpublished={\url{https://www.me.psu.edu/cimbala/learning/fluid/CV_Energy/home.htm}},
	publisher={Pennsylvania State University},
	author={Pennsylvania State University}
}

@article{cvsfu,
        title={The First Law of Thermodynamics: Control Volumes},
        howpublished={\url{https://www.sfu.ca/~mbahrami/ENSC%20388/Notes/First%20Law%20of%20Thermodynamics_Control%20Volumes.pdf}},
	publisher={Simon Fraser University},
	author={Simon Fraser University}
}
